@article{gelbart1984elementary,
    title = {An elementary introduction to the Langlands program},
   author = {Gelbart, Stephen},
  journal = {Bulletin of the American Mathematical Society},
   volume = {10},
   number = {2},
    pages = {177--219},
     year = {1984}
}

@book{alg_geo,
      title = {代数几何},
     author = {哈茨霍恩著，冯克勤、刘木兰、胥鸣伟译，胥鸣伟校},
    edition = {2},
       year = {2001},
    address = {北京},
  publisher = {科学出版社}
}

@book{gp_rep,
      title = {群与代数表示论},
     author = {冯克勤, 章璞, 李尚志},
    edition = {2},
       year = {2006},
    address = {合肥},
  publisher = {中国科学技术大学出版社}
}

@book{nt1,
      title = {数论I-Fermat的梦想和类域论},
     author = {加藤和也、黑川信重、斋藤毅著，胥鸣伟、印林生译},
    edition = {1},
       year = {2009},
    address = {北京},
  publisher = {高等教育出版社}
}

@book{bump1998automorphic,
      title = {Automorphic forms and representations},
     author = {Bump, Daniel},
     volume = {55},
       year = {1998},
  publisher = {Cambridge university press}
}

@book{ramakrishnan2005fourier,
      title = {Fourier Analysis on Number Fields},
     author = {Ramakrishnan, Dinakar},
       year = {2005},
    edition = {1},
    address = {北京},
  publisher = {清华大学出版社有限公司}
}

@book{alg_gp,
      title = {代数群引论},
     author = {黎景辉，陈志杰，赵春来},
    edition = {1},
       year = {2006},
    address = {北京},
  publisher = {科学出版社}
}

@inproceedings{borel1979automorphic,
      title = {Automorphic L-functions},
     author = {Borel, Armand},
  booktitle = {Automorphic forms, representations and L-functions (Proc. Sympos. Pure Math., Oregon State Univ., Corvallis, Ore., 1977), Part},
     volume = {2},
      pages = {27--61},
       year = {1979}
}
